<?xml version="1.0" encoding="utf-8"?>
<record xmlns="http://www.loc.gov/MARC21/slim" xmlns:xsi="http://www.w3.org/2001/XMLSchema-instance" xsi:schemaLocation="http://www.loc.gov/MARC21/slim http://www.loc.gov/standards/marcxml/schema/MARC21slim.xsd">
	<leader>     nam a22        4500</leader>
	<controlfield tag="001">b12906293</controlfield>
	<controlfield tag="003">UaCaAUL</controlfield>
	<controlfield tag="006">m        d        </controlfield>
	<controlfield tag="007">cr cn |||m|||a</controlfield>
	<controlfield tag="008">170926m19501953ua      o     000 0 ararc</controlfield>
	<datafield ind1=" " ind2=" " tag="040">
		<subfield code="a">NNU</subfield>
		<subfield code="b">eng</subfield>
		<subfield code="e">rda</subfield>
		<subfield code="c">NNU</subfield>
	</datafield>
	<datafield ind1=" " ind2=" " tag="066">
		<subfield code="c">(3</subfield>
	</datafield>
	<datafield ind1=" " ind2="4" tag="050">
		<subfield code="a">B753</subfield>
		<subfield code="b">.K511 1950</subfield>
	</datafield>
	<datafield ind1="0" ind2=" " tag="100">
		<subfield code="6">880-01</subfield>
		<subfield code="a">Kindī,</subfield>
		<subfield code="d">-approximately 873.</subfield>
	</datafield>
	<datafield ind1="1" ind2="0" tag="245">
		<subfield code="6">880-02</subfield>
		<subfield code="a">Rasāʻil al-Kindī al-falsafīyah /</subfield>
		<subfield code="c">ḥaqqaqahā wa-akhrajahā maʻa muqaddimah taḥlīlīyah li-kull minhā wa-taṣdīr wāfin ʻan al-Kindī wa-falsafatihi Muḥammad ʻAbd al-Hādī Abū Rīdah.</subfield>
	</datafield>
	<datafield ind1=" " ind2=" " tag="260">
		<subfield code="6">880-03</subfield>
		<subfield code="a">Miṣr :</subfield>
		<subfield code="b">Multazim al-Tabʻ wa-al-Nashr Dār al-Fikr al-ʻArabī,</subfield>
		<subfield code="c">1950-1953.</subfield>
	</datafield>
	<datafield ind1=" " ind2=" " tag="300">
		<subfield code="a">online resource (2 volumes)</subfield>
	</datafield>
	<datafield ind1=" " ind2=" " tag="336">
		<subfield code="a">text</subfield>
		<subfield code="2">rdacontent</subfield>
	</datafield>
	<datafield ind1=" " ind2=" " tag="337">
		<subfield code="a">computer</subfield>
		<subfield code="2">rdamedia</subfield>
	</datafield>
	<datafield ind1=" " ind2=" " tag="338">
		<subfield code="a">online resource</subfield>
		<subfield code="2">rdacarrier</subfield>
	</datafield>
	<datafield ind1=" " ind2=" " tag="500">
		<subfield code="a">Latin translation and Arabic text of Kitāb al-jawāhir al-khamsah (Liber de quinque essentiis) on opposite pages: v. 2, p. 8-20.</subfield>
	</datafield>
	<datafield ind1=" " ind2=" " tag="500">
		<subfield code="a">Part of the Arabic Collections Online (ACO) project, contributed by American University in Cairo Library.</subfield>
	</datafield>
	<datafield ind1=" " ind2=" " tag="533">
		<subfield code="a">Electronic reproduction.</subfield>
		<subfield code="b">New York, N.Y. :</subfield>
		<subfield code="c">New York University,</subfield>
		<subfield code="d">2017.</subfield>
		<subfield code="5">NNU</subfield>
	</datafield>
	<datafield ind1=" " ind2=" " tag="546">
		<subfield code="a">In Arabic.</subfield>
	</datafield>
	<datafield ind1="1" ind2=" " tag="505">
		<subfield code="6">880-04</subfield>
		<subfield code="a">[Juzʼ 1] al-falsafah al-ūlá. Ḥudūd al-ashyāʼ wa-rusūmihā. al-Fāʻil al-ḥaqq al-awwal al-tām. Īḍāḥ tanāhī jarm al-ʻālam. Māʼiyah mālā yumkin an yakūn lā nihāyat lahu wa-mā alladhī yuqāl lā nihāyat lah. Waḥdāniyat Allāh wa-tanāhī jarm al-ʻālam. ʻIllat al-kawn wa-al-fasād, al-Ibānah ʻan sujūd al-jarm al-aqṣá. Annahu tūjad jawāhir lā ajsām. al-Qawl fī al-nafs. al-Nafs. Māhīyat al-nawm wa-al-rʼuyā. al-ʻAql. Kamiyyat kutub Arisṭū -- Juzʼi 2. al-Jawāhir al-khamsah. al-Ibānah ʻan anna ṭabīʻat al-falak mukhālifah li-ṭabāʼiʻ al-ʻanāṣir al-arbaʻah. An al-ʻanāṣir wa-al- jarm al-aqṣā kurrīyat al-shakl. al-Sabab alladhī [lahu] nasabat al-qudamāʼ al-ashkāl al-khamsah ilā al-isṭaqsāt. al-Jarm al-ḥāmil bi-ṭibāʻihi al-lawn min al-ʻanāṣir al-arbaʻah wa-alladhī huwa ʻillat al-lawn fī ghayrih. al-ʻIllah allatī lahā takūn baʻd al-mawāḍiʻ lā takādu tumṭir. ʻIllat kawn al-ḍabāb. ʻIllat al-thalj wa-al-barad wa-al-barq wa-al-ṣawāʻiq wa-al-raʻd wa-al-zamharīr. al-ʻIllah allatī lahā yabrud aʻlá al-jaw wa-yaskhun mā qaraba min al-arḍ. ʻIllat al-lawn al-lāzūrdī alladhī yurá fī al-jaw fī jihat al-samāʼ wa-yuẓann annahu lawn al-samāʼ. al-ʻIllah al-fāʻilah lil-madd wa-al-jazr.</subfield>
	</datafield>
	<datafield ind1=" " ind2="0" tag="650">
		<subfield code="a">Philosophy, Arab</subfield>
		<subfield code="v">Early works to 1800.</subfield>
	</datafield>
	<datafield ind1=" " ind2="7" tag="650">
		<subfield code="a">Philosophy, Arab.</subfield>
		<subfield code="2">fast</subfield>
		<subfield code="0">(OCoLC)fst01060873</subfield>
	</datafield>
	<datafield ind1=" " ind2="7" tag="655">
		<subfield code="a">Early works.</subfield>
		<subfield code="2">fast</subfield>
		<subfield code="0">(OCoLC)fst01411636</subfield>
	</datafield>
	<datafield ind1="1" ind2=" " tag="700">
		<subfield code="6">880-05</subfield>
		<subfield code="a">Abū Rīdah, Muḥammad ʻAbd al-Hādī.</subfield>
	</datafield>
	<datafield ind1="2" ind2=" " tag="710">
		<subfield code="a">American University in Cairo.</subfield>
		<subfield code="b">Library.</subfield>
	</datafield>
	<datafield ind1="0" ind2=" " tag="730">
		<subfield code="a">Arabic Collections Online.</subfield>
	</datafield>
	<datafield ind1="0" ind2="2" tag="740">
		<subfield code="a">Kitāb al-jawāhir al-khamsah.</subfield>
	</datafield>
	<datafield ind1="0" ind2="2" tag="740">
		<subfield code="a">Liber de quinque essentiis.</subfield>
	</datafield>
	<datafield ind1="0" ind2="8" tag="776">
		<subfield code="i">Online version:</subfield>
		<subfield code="a">Kindī, -approximately 873.</subfield>
		<subfield code="t">Rasāʻil al-Kindī al-falsafīyah.</subfield>
		<subfield code="d">Miṣr : Dār al-Fikr al-ʻArabī, 1950-1953</subfield>
		<subfield code="w">(OCoLC)551248721</subfield>
	</datafield>
	<datafield ind1="0" ind2="8" tag="776">
		<subfield code="i">Online version:</subfield>
		<subfield code="a">Kindī, -approximately 873.</subfield>
		<subfield code="t">Rasāʻil al-Kindī al-falsafīyah.</subfield>
		<subfield code="d">Miṣr : Dār al-Fikr al-ʻArabī, 1950-1953</subfield>
		<subfield code="w">(OCoLC)593992572</subfield>
	</datafield>
	<datafield ind1="0" ind2="8" tag="776">
		<subfield code="i">Print version:</subfield>
		<subfield code="a">Kindī, -approximately 873.</subfield>
		<subfield code="t">Rasāʻil al-Kindī al-falsafīyah</subfield>
		<subfield code="w">(UaCaAUL)b12906293</subfield>
		<subfield code="w">(OCoLC)16771047</subfield>
	</datafield>
	<datafield ind1="4" ind2="0" tag="856">
		<subfield code="u">http://hdl.handle.net/2333.1/sj3txg19</subfield>
	</datafield>
	<datafield ind1="0" ind2=" " tag="880">
		<subfield code="6">100-01/(3/r</subfield>
		<subfield code="a">كندي.</subfield>
	</datafield>
	<datafield ind1="1" ind2="0" tag="880">
		<subfield code="6">245-02/(3/r</subfield>
		<subfield code="a">رسائل الكندي الفلسفية /</subfield>
		<subfield code="c">حققها وأخرجها مع مقدمة تحليلية لكل منها وتصدير واف عن الكندي وفلسفته محمد عبد الهادي أبو ريدة.</subfield>
	</datafield>
	<datafield ind1=" " ind2=" " tag="880">
		<subfield code="6">260-03/(3/r</subfield>
		<subfield code="a">القاهرة؛</subfield>
		<subfield code="b">دار الفكر العربي ،</subfield>
		<subfield code="c">١٩٥٠-١٩٥٣.</subfield>
	</datafield>
	<datafield ind1="1" ind2=" " tag="880">
		<subfield code="6">505-04/(3/r</subfield>
		<subfield code="a">[جزء 1] الفلسفة الولى. حدود الاشياء ورسومها. الفاعل الحق الاول التام. ايضاح تناهي جرم العالم. مائية مالا يمكن ان يكون لا نهاية له وما الذي يقال لا نهاية لة. وحدانية الله وتناهي جرم العالم. علة الكون والفساد، الابانة عن سجود الجرم الاقصى. انه توجد جواهر لا اجسام. القول في النفس. النفس. ماهية النوم والرؤيا. العقل. كمية كتب ارسطو  جزئ 2. الجواهر الخمسة. الابانة عن ان طبيعة الفلك مخالفة لطبائع العناصر الاربعة. ان العناصر وال جرم الاقصا كرية الشكل. السبب الذي [له] نسبة القدماء الاشكال الخمسة الا الاسطقسات. الجرم الحامل بطباعه اللون من العناصر الاربعة والذي هو عللة اللون في غيره. العلة التي لها تكون بعد المواضع لا تكاد تمطر. علة كون الضباب. علة الثلج والبرد والبرق والصواعق والرعد والزمهرير. العلة التي لها يبرد اعلى الجو ويسخن ما قرب من الارض. علة اللون اللازوردي الذي يرى في الجو في جهة السماء ويظن انه لون السماء. العلة الفاعلة للمد والجزر.</subfield>
	</datafield>
	<datafield ind1="1" ind2=" " tag="880">
		<subfield code="6">700-05/(3/r</subfield>
		<subfield code="a">أبو ريدة، محمد عبد الهادي.</subfield>
	</datafield>
	<datafield ind1=" " ind2=" " tag="959">
		<subfield code="a">NNU</subfield>
		<subfield code="b">WEB</subfield>
		<subfield code="c">GENI</subfield>
		<subfield code="t">0</subfield>
		<subfield code="m">Electronic access</subfield>
		<subfield code="s">01</subfield>
	</datafield>
	<datafield ind1=" " ind2=" " tag="999">
		<subfield code="i">UaCaAUL_b12906293</subfield>
		<subfield code="o">(OCoLC)ocm16771047</subfield>
		<subfield code="s">auc_aco000019:v.1</subfield>
		<subfield code="s">auc_aco000020:v.2</subfield>
	</datafield>
</record>
